
@inproceedings{mani2021poster,
  title={Code efficiency, frame error rate and secure key rate},
  author={\textbf{H. Mani} and Tobias Gehring and \"Omer, Bernhard and Christoph Pacher and Ulrik Lund Andersen},
  year={2018},
  url={https://2021.qcrypt.net/speakers/#list-of-accepted-posters}
}


@article{PhysRevA.103.062419,
  title = {Multiedge-type low-density parity-check codes for continuous-variable quantum key distribution},
  author = {\textbf{Mani}, Hossein and Gehring, Tobias and Grabenweger, Philipp and \"Omer, Bernhard and Pacher, Christoph and Andersen, Ulrik Lund},
  journal = {Phys. Rev. A},
  volume = {103},
  issue = {6},
  pages = {062419},
  numpages = {11},
  year = {2021},
  month = {Jun},
  publisher = {American Physical Society},
  doi = {10.1103/PhysRevA.103.062419},
  url = {https://link.aps.org/doi/10.1103/PhysRevA.103.062419}
}

@phdthesis{thesis_mani,
title = "Error Reconciliation Protocols for Continuous-Variable Quantum Key Distribution",
author = "Hossein \textbf{Mani}",
year = "2020",
language = "English",
publisher = "Department of Physics, Technical University of Denmark",
url={https://orbit.dtu.dk/en/publications/error-reconciliation-protocols-for-continuous-variable-quantum-ke}
}


@ARTICLE{mani2019rs,
author={\textbf{H. {Mani}} and S. {Hemati}},
journal={IEEE Transactions on Communications},
title={Symbol-Level Stochastic {C}hase Decoding of {R}eed-{S}olomon and {BCH} Codes},
year={2019},
volume={67},
number={8},
pages={5241-5252},
keywords={AWGN channels;BCH codes;channel coding;computational complexity;error statistics;iterative decoding;phase shift keying;quadrature amplitude modulation;Rayleigh channels;Reed-Solomon codes;search problems;telecommunication network reliability;vectors;RS codes;symbol-level test-vectors;symbol-level stochastic Chase decoding;symbol-level-stochastic Chase decoding algorithm;soft-input soft-output decoder;q-ary modulations;randomized generation;symbol-level-search bitwise-transmission stochastic Chase algorithm;decoding gain;Reed-Solomon codes;Bose-Chaudhuri-Hocquenghem codes;soft information;additive white Gaussian noise channel;AWGN channel;Rayleigh fading channel;binary phase shift keying transmission;BPSK transmission;noise figure 2.0 dB;noise figure 3.0 dB;noise figure 5.0 dB;Decoding;Reliability;Complexity theory;Iterative decoding;Binary phase shift keying;Heuristic algorithms;Symbol-level Chase algorithm;symbol-level stochastic Chase algorithm;Reed-Solomon and BCH codes;K-D tree algorithm},
url = {https://ieeexplore.ieee.org/document/8708257},
doi={10.1109/TCOMM.2019.2915224},
ISSN={1558-0857},
month={Aug},}


@ARTICLE{mani2016mp,
author={\textbf{H. {Mani}} and H. {Saeedi}},
journal={IEEE Communications Letters},
title={Message Passing-Based Decoding of Convolutional Codes: Performance and Complexity Analysis},
year={2016},
volume={20},
number={2},
pages={216-219},
abstract={In this letter, we propose to apply message passing algorithms to decode standard convolutional codes and assess the resulting performance and the required complexity compared to conventional decoding algorithms for convolutional codes by concentrating on the Viterbi algorithm (VA). We show that, in contrast to the VA for which the decoding complexity increases exponentially with m, the number of memory blocks for the proposed framework, such an increase, is only linear in m. This suggests that applying message passing algorithms can provide considerable savings in the required computational power if it can also exhibit a comparable bit-error-rate performance to that of the VA. In this letter, we show via simulations that this is in fact the case for convolutional codes.},
keywords={convolutional codes;message passing;Viterbi decoding;convolutional codes;complexity analysis;message passing algorithms;conventional decoding algorithms;Viterbi algorithm;VA;decoding complexity;memory blocks;bit-error-rate performance;Complexity theory;Iterative decoding;Maximum likelihood decoding;Generators;Convolutional codes;Convolutional codes;message passing algorithm;low-density parity-check codes},
url = {https://ieeexplore.ieee.org/document/7355317},
doi={10.1109/LCOMM.2015.2508459},
ISSN={2373-7891},
month={Feb},}


@INPROCEEDINGS{mani2014ra,
author={\textbf{H. {Mani}} and N. {Mokari} and M. G. {Khoshkholgh} and H. {Saeedi}},
booktitle={2014 IEEE Wireless Communications and Networking Conference (WCNC)},
title={Resource allocation based on the message passing algorithm in underlay cognitive networks},
year={2014},
volume={},
number={},
pages={1821-1826},
url = {https://ieeexplore.ieee.org/document/6952526},
keywords={cognitive radio;frequency division multiple access;message passing;OFDM modulation;radio spectrum management;resource allocation;message passing algorithm;underlay cognitive networks;MP algorithm;orthogonal frequency division multiple access OFDMA;spectrum sharing system;optimal power;subcarrier allocations;Computational complexity;Resource management;Interference;Algorithm design and analysis;Wireless communication;Convergence},
doi={10.1109/WCNC.2014.6952526},
ISSN={1558-2612},
month={April},}

@article{mani2019recWC,
  title={Multi-edge-type {LDPC} code design with {G-EXIT} charts for continuous-variable quantum key distribution},
  author={\textbf{H. Mani} and Tobias Gehring and Christoph Pacher and Ulrik Lund Andersen},
  journal={ArXiv},
  year={2018},
  volume={abs/1812.05867},
  url = {https://arxiv.org/pdf/1812.05867.pdf}
}





@INPROCEEDINGS{mani2012onGEXIT,
author={\textbf{H. {Mani}} and H. {Saeedi} and A. {Eslami} and H. {Pishro-Nik}},
booktitle={2012 IEEE International Symposium on Information Theory Proceedings},
title={On Generalized {EXIT} charts of {LDPC} code ensembles over binary-input output-symmetric memoryless channels},
year={2012},
volume={},
number={},
pages={2336-2340},
keywords={memoryless systems;parity check codes;generalized EXIT chart;generalized extrinsic information transfer chart;LDPC code;binary input output symmetric memoryless channels;low density parity check code;channel parameter;Parity check codes;Equations;Mathematical model;Memoryless systems;Computers;Educational institutions},
doi={10.1109/ISIT.2012.6283930},
ISSN={2157-8095},
month={July},
url = {https://ieeexplore.ieee.org/document/6283930}}

@INPROCEEDINGS{mani2011GEXIT,
author={\textbf{H. {Mani}} and H. {Saeedi}},
booktitle={2011 International Symposium on Artificial Intelligence and Signal Processing (AISP)},
title={Generalized {EXIT} chars for irregular {LDPC} codes},
year={2011},
volume={},
number={},
pages={113-117},
keywords={binary codes;channel capacity;iterative methods;memoryless systems;parity check codes;irregular LDPC code;generalized EXIT charts;irregular low-density parity check code;binary memoryless channel capacity;asymptotic analysis tool;generalized extrinsic information transfer chart;iterative scheme;LDPC codes;density evolution;entropy;mutual information;EXIT function;area theoram;Genaral EXIT function;irregular LDPC codes},
doi={10.1109/AISP.2011.5960973},
ISSN={null},
month={June},
url = {https://ieeexplore.ieee.org/document/5960973}}







@inproceedings{mani2019AlgorithmicAT,
  title={Algorithmic Approach to Design Highly Efficient {MET-LDPC} Codes with Cascade Structure},
  author={\textbf{H. Mani} and Tobias Gehring and Christoph Pacher and Ulrik Lund Andersen},
  year={2019},
  url={http://2019.qcrypt.net/scientific-program/posters/}
}



@inproceedings{mani2019AnAM,
  title={An Approximation Method for Analysis and Design of Multi-Edge Type {LDPC} Codes},
  author={\textbf{H. Mani} and Tobias Gehring and Christoph Pacher and Ulrik Lund Andersen},
  year={2018},
  url={http://2018.qcrypt.net/others/accepted-posters/}
}




@inproceedings{mani2020two-code,
  title={Two {MET-LDPC} codes designed for long distance {CV-QKD}},
  author={\textbf{H. Mani} and Bernhard Ã–mer and Ulrik Lund Andersen and Tobias Gehring and Christoph Pacher},
  year={2020},
  url={https://2020.qcrypt.net/accepted-papers/#list-of-accepted-posters}
}